@Misc{AutoWrapLect,
  author = "Kristina Lerman ",
  title = "Automatic Wrapper Generation and Data Extraction",
  note   = "\textit{Lecture notes, University of Southern California}",
  year   = 2016,
}

@Misc{Lect,
  author = "S. Tashpulatov",
  title = "Lecture notes on Statistical methods in economics",
  note   = "\textit{Czech Technical University}",
  year   = 2017,
}

@Misc{WDI_important,
  title = "The World Bank's All-Important World Development Indicators (WDI)",
  note   = "\url{http://www.investopedia.com/articles/investing/100614/world-banks-allimportant-world-development-indicators-wdi.asp}",
  year   = 2014,
}

@Misc{WDI_site,
  title = "World Bank Open Data",
  note   = "\url{http://data.worldbank.org/}",
  year   = 2017,
}

@Misc{FSI,
  title = "Fragile State Index methodology",
  note   = "\url{http://fundforpeace.org/fsi/methodology/}",
  year   = 2017,
}

@Misc{Gretl,
  title = "Gretl: Gnu Regression, Econometrics and Time-series Library",
  note   = "\url{http://gretl.sourceforge.net/}",
  year   = 2017,
}